@article{paper, 
  title       = {Coding Together at Scale: GitHub as a Collaborative Social Network}, 
  volume      = {8}, 
  url         = {https://ojs.aaai.org/index.php/ICWSM/article/view/14552}, 
  number      = {1}, 
  journal     = {Proceedings of the International AAAI Conference on Web and Social Media}, 
  author      = {Lima, Antonio 
                and Rossi, Luca 
                and Musolesi, Mirco
                }, 
  year        = {2014}, 
  month       = {May}, 
  pages       = {295-304} 
}

@misc{gitstar,
  howpublished  = {https://gitstar-ranking.com/repositories},
  year          = {2014},
  month         = {December},
  author        = {Takashi Kokubun},
  title         = {Gitstar}
}

@article{cytoscape,
  author      = {Shannon, Paul
                and Markiel, Andrew
                and Ozier, Owen
                and Baliga, Nitin S.
                and Wang, Jonathan T.
                and Ramage, Daniel
                and Amin, Nada
                and Schwikowski, Benno
                and Ideker, Trey
                },
  title       = {Cytoscape: a software environment for integrated models of biomolecular interaction networks},
  year        = {2003},
  month       = {November},
  number      = {11},
  volume      = {13},
  doi         = {10.1101/gr.1239303},
  journal     = {Genome Res}
}

@misc{jetbrains,
  howpublished  = {https://www.jetbrains.com/lp/devecosystem-2021/},
  year          = {2021},
  author        = {JetBrains},
  title         = {The State of Developer Ecosystem 2021}
}